
@misc{hao2011adaptive,
  title={Adaptive Riemannian metrics for improved geodesic tracking of white matter},
  author={Hao, Xiang and Whitaker, Ross T and Fletcher, P Thomas},
  booktitle={Biennial International Conference on Information Processing in Medical Imaging},
  pages={13--24},
  year={2011},
  organization={Springer}
}